@article{algatheem2023zonostrophic,
  title={Zonostrophic instabilities in magnetohydrodynamic Kolmogorov flow},
  author={Algatheem, Azza M and Gilbert, Andrew D and Hillier, Andrew S},
  journal={Geophysical \& Astrophysical Fluid Dynamics},
  pages={1--40},
  year={2023},
  publisher={Taylor \& Francis}
}
@article{durston2016transport,
  title={Transport and instability in driven two-dimensional magnetohydrodynamic flows},
  author={Durston, Sam and Gilbert, Andrew D},
  journal={Journal of Fluid Mechanics},
  volume={799},
  pages={541--578},
  year={2016},
  publisher={Cambridge University Press}
}